<record><leader>00000cas a22000007a 4500</leader><controlfield tag="001">9598561</controlfield><controlfield tag="008">830611d18511852ohuwr ne      0    0eng d</controlfield><controlfield tag="009">3783</controlfield><datafield ind1=" " ind2=" " tag="010"><subfield code="a">sn 83035214 </subfield></datafield><datafield ind1=" " ind2=" " tag="040"><subfield code="a">NPY</subfield><subfield code="b">eng</subfield><subfield code="c">NPY</subfield><subfield code="d">NPA</subfield><subfield code="d">ONP</subfield><subfield code="d">KRTAS</subfield></datafield><datafield ind1=" " ind2=" " tag="042"><subfield code="a">msc</subfield></datafield><datafield ind1="0" ind2="0" tag="245"><subfield code="a">Ashtabula telegraph and Lake Co. advertiser.</subfield></datafield><datafield ind1="1" ind2="0" tag="246"><subfield code="a">Ashtabula weekly telegraph and Lake Co. advertiser</subfield></datafield><datafield ind1=" " ind2=" " tag="260"><subfield code="a">Ashtabula ;</subfield><subfield code="a">Painesville, [Ohio] :</subfield><subfield code="b">N.W. Thayer :</subfield><subfield code="b">Charles Turner,</subfield><subfield code="c">1851-1852.</subfield></datafield><datafield ind1=" " ind2=" " tag="300"><subfield code="a">2 v. :</subfield><subfield code="b">ill. ;</subfield><subfield code="c">65 cm.</subfield></datafield><datafield ind1=" " ind2=" " tag="310"><subfield code="a">Weekly</subfield></datafield><datafield ind1="0" ind2=" " tag="362"><subfield code="a">Vol. 2, no. 14 (Jan. 28, 1851)-v. 4, no. 4 (Nov. 16, 1852).</subfield></datafield><datafield ind1=" " ind2=" " tag="500"><subfield code="a">"Firmly sustained by the Whigs of Ashtabula, and the advocate of their principles; ... A family and agricultural paper."</subfield></datafield><datafield ind1=" " ind2=" " tag="752"><subfield code="a">United States</subfield><subfield code="b">Ohio</subfield><subfield code="c">Ashtabula</subfield><subfield code="d">Ashtabula.</subfield></datafield><datafield ind1=" " ind2=" " tag="752"><subfield code="a">United States</subfield><subfield code="b">Ohio</subfield><subfield code="c">Lake</subfield><subfield code="d">Painesville.</subfield></datafield><datafield ind1="0" ind2="0" tag="780"><subfield code="t">Ashtabula telegraph (Ashtabula, Ohio : 1849)</subfield><subfield code="w">(DLC)sn 83035213</subfield></datafield><datafield ind1="0" ind2="7" tag="785"><subfield code="t">Painesville free press</subfield><subfield code="w">(DLC)sn 84028227</subfield></datafield><datafield ind1="0" ind2="7" tag="785"><subfield code="t">Ashtabula telegraph and Lake Co. free press</subfield><subfield code="w">(DLC)sn 88078590</subfield></datafield><datafield ind1=" " ind2=" " tag="938"><subfield code="a">Kirtas Technologies, Inc.</subfield><subfield code="b">KRTS</subfield><subfield code="n">736873</subfield></datafield></record>